
@book{FT,
    AUTHOR = {Fr\"olich, A. and Taylor, M. J.}, 
     TITLE = {Algebraic Number Theory},
      NOTE = {Cambridge Studies in Advanced Mathematics, 27},
 PUBLISHER = {Cambridge University Press},
      YEAR = {1991},
}

@book{M,
    AUTHOR = {Daniel A. Marcus},
     TITLE = {Number Fields},
      NOTE = {Universitext},
 PUBLISHER = {Springer-Verlag},
      YEAR = {1977},
}

@misc{MilneANT,
author={Milne, James S.},
title={Algebraic Number Theory (v3.02)},
year={2009},
note={Available at \texttt{www.jmilne.org/math/}},
pages={156+viii}
}

@misc{MilneCFT,
author={J.S. Milne},
title={Class Field Theory (v4.00)},
year={2008},
note={Available at \texttt{www.jmilne.org/math/}},
pages={279+viii}
}


@article{Yas,
AUTHOR = {Yasufuku, Yu},
TITLE = {Deformation Theory of Formal Modules},
YEAR = {2000},
PUBLISHER = {Unpublished},
NOTE={Available at \texttt{https://wfs.gc.cuny.edu/YYasufuku/www/}}
}

@book{KM,
    AUTHOR = {Katz, Nicholas M. and Mazur, Barry},
     TITLE = {Arithmetic moduli of elliptic curves},
    SERIES = {Annals of Mathematics Studies},
    VOLUME = {108},
 PUBLISHER = {Princeton University Press},
   ADDRESS = {Princeton, NJ},
      YEAR = {1985},
     PAGES = {xiv+514},
      ISBN = {0-691-08349-5; 0-691-08352-5},
   MRCLASS = {11G05 (11F11 14G25 14K15)},
  MRNUMBER = {MR772569 (86i:11024)},
MRREVIEWER = {Kenneth A. Ribet},
}

@book{LangAlgebra3e,
    AUTHOR = {Lang, Serge},                                                    
     TITLE = {Algebra},                                                        
    SERIES = {Graduate Texts in Mathematics},                                  
    VOLUME = {211},                                                            
   EDITION = {third},                                                          
 PUBLISHER = {Springer-Verlag},                                                
   ADDRESS = {New York},                                                       
      YEAR = {2002},                                                           
     PAGES = {xvi+914},                                                        
      ISBN = {0-387-95385-X},                                                  
   MRCLASS = {00A05 (15-02)},                                                  
  MRNUMBER = {1878556 (2003e:00003)},                                          
}                                                                              


